<?xml version="1.0" encoding="UTF-8"?><collection xmlns="http://www.loc.gov/MARC21/slim"><record><leader>00445nam--2200169-i-4500</leader><controlfield tag="001">000024186</controlfield><controlfield tag="002">20161230</controlfield><controlfield tag="005">20161230201035</controlfield><controlfield tag="008">060222s1000------------r-----000-0-eng-d</controlfield><datafield ind1=" " ind2=" " tag="040"><subfield code="a">IFIN-HH</subfield></datafield><datafield ind1=" " ind2=" " tag="080"><subfield code="a">533.9</subfield></datafield><datafield ind1="1" ind2=" " tag="100"><subfield code="a">Gill, Richard D</subfield></datafield><datafield ind1="1" ind2="0" tag="245"><subfield code="a">Plasma physics and nuclear fusion research</subfield><subfield code="c">RICHARD D. GILL (Ed.)</subfield></datafield><datafield ind1=" " ind2=" " tag="260"><subfield code="a">London, Academic Press, 1981</subfield></datafield><datafield ind1=" " ind2=" " tag="300"><subfield code="a">XX+688P</subfield></datafield><datafield ind1=" " ind2=" " tag="852"><subfield code="a">70694</subfield><subfield code="c">533.9</subfield></datafield><datafield ind1=" " ind2=" " tag="CAT"><subfield code="a">Sys</subfield><subfield code="c">20100930</subfield><subfield code="h">124110</subfield></datafield></record></collection>